% Berger, Uta and Hildenbrandt, Hanno (2000). "A new approach to spatially explicit modelling of forest dynamics: spacing, ageing and neighbourhood competition of mangrove trees". In: Ecological Modelling 132, pp. 287-302
@article{berger,
    author =       "U. Berger and H. Hildenbrandt",
    title =        "A new approach to spatially explicit modelling of forest dynamics: spacing, ageing and neighbourhood competition of mangrove trees",
    journal =      "Ecological Modelling",
    volume =       "132",
    pages =        "287-302",
    year =         "2000",
}

%•	Hiebeler, D. E. (2011). "Block Disturbance" SPEED Lab iOS Mobile Application. Retrieved from University of Maine Mathematics and Statistics: http://www.math.umaine.edu/
@online{HiebelerBlockDisturbance2011,
    author    = "D. E. Hiebeler",
    title     = "\uppercase{SPEED} Lab i\uppercase{OS} Mobile Application: Block Disturbance",
    year = "2011",
    note = "Retrieved from University of Maine Mathematics and Statistics",
    url = "http://www.math.umaine.edu/"
}

%•	Hiebeler, D. E. (2011). "Fragmented Habitat" SPEED Lab iOS Mobile Application. Retrieved from University of Maine Mathematics Statistics: http://www.math.umaine.edu/
@online{HiebelerFragmentedHabitat2011,
    author    = "D. E. Hiebeler",
    title     = "\uppercase{SPEED} Lab i\uppercase{OS} Mobile Application: Fragmented Habitat",
    year = "2011",
    note = "Retrieved from University of Maine Mathematics and Statistics",
    url = "http://www.math.umaine.edu/"
}

% Salmo, Severino G. III and Dranreb Earl O Juanico (2015). “An individual-based model of long-term forest growth and carbon sequestration in planted mangroves under salinity and inundation stresses”. In: International Journal of Philippine Science and Technology 8.2, pp. 31–35.
@article{SalmoJuanico2015,
    author =       "S. Salmo and D. E. Juanico",
    title =        "An individual-based model of long-term forest growth and carbon sequestration in planted mangroves under salinity and inundation stresses",
    journal =      "International Journal of Philippine Science and Technology",
    volume =       "8",
    number =       "2",
    pages =        "31-35",
    year =         "2015",
}

% Salmo, Severino G. III, et al. (2011). “Vegetation and soil characteristics as indicators of restoration trajectories in restored mangroves”. In: Hydrobiologia 720.1-18
@article{Salmo2011,
    author =       "S. Salmo and C. Lovelock and N. Duke",
    title =        "Vegetation and soil characteristics as indicators of restoration trajectories in restored mangroves",
    journal =      "Hydrobiologia",
    volume =       "720",
    pages =        "1-18",
    year =         "2013",
}

% Salmo, Severino G. III, et al. (2013). “Assessment of vegetation and soil conditions in restored mangroves interrupted by severe tropical typhoon ‘Chan-hom’ in the Philippines”. In: Hydrobiologia
@article{Salmo2013,
    author =       "S. Salmo and C. Lovelock and N. Duke",
    title =        "Assessment of vegetation and soil conditions in restored mangroves interrupted by severe tropical typhoon ‘Chan-hom’ in the Philippines",
    journal =      "Hydrobiologia",
    year =         "2014",
    volume =       "733",
}

% Ang, Mariano, et al 2016 :: old Mangrove undergrad thesis 
@unpublished{mangrovesAngMariano,
    author = "F. Ang and J. Mariano and K. Castro and V. Bongolan and S. Salmo",
    title  = "An agent-based model of Post-Disaster Mangrove Forest Regrowth",
    note   = "Undergraduate thesis",
    month  = "June",
    year   = "2016"
}
% K. Kathiresan;  B.L. Bingham, Biology of mangroves and mangrove ecosystems, 2001
@book{biologyOfMangroves,
	author = "K. Kathiresan and  B.L. Bingham",
	title = "Biology of mangroves and mangrove ecosystems",
	year = "2001"
}
% : Lee, S.Y.; Primavera, J.H.; Dahdouh-Guebas, F.; McKee, K.; Bosire,J.O.; Cannicci, S.; Diele, K.; Fromard, F.; Koedam, N.; Marchand, C.;Mendelssohn, I.; Mukherjee, N.; Record, S.,  Ecological role and services of tropical mangrove ecosystems: a reassessment, 2014
@article{roleOfMangroves,
	author = "S.Y. Lee and J.H. Primavera and F. Dahdouh-Guebas and K. McKee and J.O. Bosire and S. Cannicci and K. Diele and F. Fromard and N. Koedam and C. Marchand and I. Mendelssohn and N. Mukherjee and S. Record",
	title = "Ecological role and services of tropical mangrove ecosystems: a reassessment",
	year = "2014",
	journal = "Global Ecology and Biogeography",
}
% Etta Kavanagh, A world without mangroves?, 2007
@article{kavanagh2007,
	author = "N. Duke and J.-O. Meynecke and S. Dittmann and A.M. Ellisson and K. Anger and U. Berger and S. Cannicci and K. Diele and K.C. Ewel and C.D. Field and N. Koedam and S.Y. Lee and C. Marchand and I. Nordhaus and F. Dahdouh-Guebas",
	title = "A world without mangroves?",
	journal = "Science",
	volume = "317",
	year = "2007"
}
% Ojalvo, 1992 :: Spatiotemporal Colored Noise
@article{ojalvoColoredNoise,
    author = "J. Ojalvo and J. M. Sancho and L. Ramirez-Piscina",
    title = "Generation of spatiotemporal colored noise",
    journal = "Physical Review A",
	publisher = "American Physical Society",
	volume = "64",
	number = "8",
    pages = "4670-4675",
    year = "1992",
	month = "October"
}
% Hiebeler, 2000 :: Fragmented Habitat
@article{Hiebeler2000,
	author = "D. Hiebeler",
	title = "Populations on Fragmented Landscapes with Spatially Structured Heterogeneities: Landscape
	Generation and Local Dispersal",
	journal = "Ecology",
	volume = "81",
	number = "8",
	pages = "1629-1641",	    
	year = "2000"
}
% Schauber, 2007 :: Spatial inheritance
@article{Schauber2007,
    author = "E. Schauber and B. Goodwin and C. Jones and R. Ostfeld",
    title = "Spatial selection and inheritance: applying evolutionary concepts to population dynamics in heterogeneous space",
    journal = "Ecology",
	publisher = "Ecological Society of America",
	volume = "88",
	number = "5",
    pages = "1112-1118",
    year = "2007"
}
% Baldwin, et al 2001 :: Regeneration in Fringe mangrove forests
@article{Baldwin2001,
    author = "A. Baldwin and M. Egnotovich and M. Ford and W. Platt",
    title = "Regeneration in fringe mangrove forests damaged by Hurricane Andrew",
    journal = "Plant Ecology",
	publisher = "Kluwer Academic Publishers",
	volume = "157",
    pages = "149-162",
    year = "2001"
}