% TODO: Fix names
% Salmo & Juanico, 2015 :: Mangrove Growth model
@article{mangroveModelPaper,

    author = "D. Juanico and S. Salmo III",
    title = "Simulated effects of site salinity and inundation on long-term growth trajectory and carbon sequestration in monospecific Rhizophora mucronata plantation in the Philippines",
    journal = "Elsevier",
    pages = "55-65",
    year = "2015",
	month = "November"
}
% Ang, Mariano, et al 2016 :: old Mangrove undergrad thesis 
@unpublished{mangrovesAngMariano,
    author = "F. Ang and J. Mariano and K. Castro and V. Bongolan Ph.D. and S. Salmo III Ph.D.",
    title  = "An Agent-Based Model of Post-Disaster Mangrove Forest Regrowth",
    note   = "Undergraduate thesis",
    month  = "June",
    year   = "2016"
}
% Komiyama, et al 2005 :: Common allometric equations 
@article{komiyama2005,
	title = "Common allometric equations for estimating the tree weight of mangroves",
	doi = "10.1017/S0266467405002476",
	publisher = "Cambridge University Press",
	address = "Cambridge, UK",
	author = "A. Komiyama and S. Poungparn and S. Kato",
	volume = "21",
	number = "4",
	pages = "471-477",
	year = "2005",
	month = "07",
	day = "01"
}
% Ojalvo, 1992 :: Spatiotemporal Colored Noise
@article{ojalvoColoredNoise,
    author = "J. Ojalvo and J. M. Sancho and L. Ramirez-Piscina",
    title = "Generation of spatiotemporal colored noise",
    journal = "Physical Review A",
	publisher = "American Physical Society",
	volume = "64",
	number = "8",
    pages = "4670-4675",
    year = "1992",
	month = "October"
}
% Schauber, 2007 :: Spatial inheritance
@article{spatialInheritance,
    author = "E. Schauber and B. Goodwin and C. Jones and R. Ostfeld",
    title = "Spatial selection and inheritance: applying evolutionary concepts to population dynamics in heterogeneous space",
    journal = "Ecology",
	publisher = "Ecological Society of America",
	volume = "88",
	number = "5",
    pages = "1112-1118",
    year = "2007"
}
% Baldwin, 2001 :: Fringe mangrove forest regeneration
@article{baldwinMangroveRegeneration,
    author = "A. Baldwin and M. Egnotovich and M. Ford and W. Platt",
    title = "Regeneration in fringe mangr ove for ests damaged by Hurricane Andrew",
    journal = "Plant Ecology",
	publisher = "Klewer Academic Publishers",
	volume = "157",
    pages = "149-162",
    year = "2001"
}

% Hiebeler, 2004 :: Block Disturbance
@article{hiebelerdisturbance,
	author = "D. Hiebeler",
	title = "Spatially Correlated Disturbances in a Locally Dispersing Population Model",
	year = "2004",
	month = "05",
	day = "03"
}

% Hiebeler, 2000 :: Fragmented Habitat
@article{hiebelerfragmented,
	author = "D. Hiebeler",
	title = "Populations on Fragmented Landscapes with Spatially Structured Heterogeneities: Landscape
	Generation and Local Dispersal",
	journal = "Ecology",
	volume = "81",
	number = "8",
	pages = "1629-1641",	    
	year = "2000"
}

% Berger, 2000 :: Berger Mangroves
@article{bergermangroves,
	author = "U. Berger and H. Hildenbrandt",
	title = " A new approach to spatially explicit modelling of forest dynamics:
	spacing, ageing and neighbourhood competition of mangrove trees.",
	journal = "Ecological Modelling",
	volume = "132",
	pages = "287-302",	    
	year = "2000"
}